<collection xmlns="http://www.loc.gov/MARC21/slim">
<record>
  <leader>01574nam0a2200301 i 450 </leader>
  <controlfield tag="001">IT\ICCU\CNCE\010970</controlfield>
  <controlfield tag="005">20110222000000.0</controlfield>
  <datafield tag="012" ind1=" " ind2=" ">
    <subfield code="a">iaum a-a- s.a, teEq (3) 1576 (R)</subfield>
    <subfield code="2">fei</subfield>
  </datafield>
  <datafield tag="100" ind1=" " ind2=" ">
    <subfield code="a">19970101d1576        0itac0103    ba</subfield>
  </datafield>
  <datafield tag="101" ind1=" " ind2=" ">
    <subfield code="a">LAT</subfield>
  </datafield>
  <datafield tag="102" ind1=" " ind2=" ">
    <subfield code="a">IT</subfield>
  </datafield>
  <datafield tag="200" ind1="1" ind2=" ">
    <subfield code="a">Historia vtriusque belli Dacici a Traiano Caesare gesti, ex simulachris quae in columna eiusdem Romae visuntur collecta. Auctore f. Alfonso Ciacono hispano doctore theologo instituti Praedicatorum, &amp; romani pontificis poenitentiario</subfield>
  </datafield>
  <datafield tag="210" ind1=" " ind2=" ">
    <subfield code="a">Romae</subfield>
    <subfield code="c">apud Franciscum Zanettum &amp; Bartholomaeum Tosium</subfield>
    <subfield code="d">1576</subfield>
  </datafield>
  <datafield tag="215" ind1=" " ind2=" ">
    <subfield code="a">42, \6! p.</subfield>
    <subfield code="c">ill.</subfield>
    <subfield code="c">134 tav. doppie</subfield>
    <subfield code="d">fol</subfield>
  </datafield>
  <datafield tag="300" ind1=" " ind2=" ">
    <subfield code="a">Alcuni esemplari sono privi delle tavole</subfield>
  </datafield>
  <datafield tag="620" ind1=" " ind2=" ">
    <subfield code="a">IT</subfield>
    <subfield code="d">Roma</subfield>
  </datafield>
  <datafield tag="700" ind1=" " ind2="1">
    <subfield code="a">Chacn̤,</subfield>
    <subfield code="b">Alfonso</subfield>
    <subfield code="c"> &lt;il vecchio&gt;</subfield>
    <subfield code="3">IT\ICCU\CNCA\002966</subfield>
  </datafield>
  <datafield tag="712" ind1="0" ind2="0">
    <subfield code="a">Zanetti, Francesco &amp; Tosi, Bartolomeo</subfield>
    <subfield code="3">IT\ICCU\CNCT\001417</subfield>
    <subfield code="4">650</subfield>
  </datafield>
  <datafield tag="790" ind1=" " ind2="1">
    <subfield code="a">Ciaconius,</subfield>
    <subfield code="b">Alfonsus</subfield>
    <subfield code="3">IT\ICCU\CNCA\008018</subfield>
    <subfield code="z">Chacn̤, Alfonso &lt;il vecchio&gt;</subfield>
  </datafield>
  <datafield tag="790" ind1=" " ind2="1">
    <subfield code="a">Ciaconus,</subfield>
    <subfield code="b">Alfonsus</subfield>
    <subfield code="3">IT\ICCU\CNCA\013196</subfield>
    <subfield code="z">Chacn̤, Alfonso &lt;il vecchio&gt;</subfield>
  </datafield>
  <datafield tag="790" ind1=" " ind2="1">
    <subfield code="a">Giaccone,</subfield>
    <subfield code="b">Alfonso</subfield>
    <subfield code="3">IT\ICCU\CNCA\017527</subfield>
    <subfield code="z">Chacn̤, Alfonso &lt;il vecchio&gt;</subfield>
  </datafield>
  <datafield tag="801" ind1=" " ind2="3">
    <subfield code="a">IT</subfield>
    <subfield code="b">ICCU</subfield>
    <subfield code="c">20201113</subfield>
  </datafield>
  <datafield tag="899" ind1=" " ind2=" ">
    <subfield code="a">Biblioteca statale. Lucca</subfield>
    <subfield code="1">LU0022</subfield>
    <subfield code="2">LUA BL</subfield>
  </datafield>
  <datafield tag="899" ind1=" " ind2=" ">
    <subfield code="a">Biblioteca di archeologia e storia dell&apos;arte. Roma</subfield>
    <subfield code="1">RM0117</subfield>
    <subfield code="2">BVE BA</subfield>
  </datafield>
  <datafield tag="899" ind1=" " ind2=" ">
    <subfield code="a">Biblioteca dell&apos;Accademia nazionale dei Lincei e Corsiniana. Roma</subfield>
    <subfield code="1">RM0418</subfield>
    <subfield code="2">RML 10</subfield>
  </datafield>
  <datafield tag="899" ind1=" " ind2=" ">
    <subfield code="a">Biblioteca Reale. Torino</subfield>
    <subfield code="1">TO0263</subfield>
    <subfield code="2">TO0 07</subfield>
  </datafield>
  <datafield tag="899" ind1=" " ind2=" ">
    <subfield code="a">British Library. London</subfield>
    <subfield code="1">UK0001</subfield>
  </datafield>
  <datafield tag="921" ind1=" " ind2=" ">
    <subfield code="a">IT\ICCU\CNCM\000748</subfield>
    <subfield code="b">Ancora con delfino</subfield>
    <subfield code="c">Z52</subfield>
    <subfield code="f">ANCORA</subfield>
    <subfield code="f">DELFINO</subfield>
    <subfield code="g">1563-1585</subfield>
  </datafield>
</record>
</collection>
